<?xml version="1.0" encoding="UTF-8"?>
<SOAP-ENV:Envelope xmlns:SOAP-ENV="http://schemas.xmlsoap.org/soap/envelope/" xmlns:ns1="http://oss.dbc.dk/ns/openformat" xmlns:dc="http://purl.org/dc/elements/1.1/" xmlns:dkabm="http://biblstandard.dk/abm/namespace/dkabm/" xmlns:ISO639-2="http://lcweb.loc.gov/standards/iso639-2/" xmlns:dcmitype="http://purl.org/dc/dcmitype/" xmlns:dcterms="http://purl.org/dc/terms/" xmlns:ac="http://biblstandard.dk/ac/namespace/" xmlns:dkdcplus="http://biblstandard.dk/abm/namespace/dkdcplus/" xmlns:oss="http://oss.dbc.dk/ns/osstypes" xmlns:marcx="info:lc/xmlns/marcxchange-v1" xmlns:xsi="http://www.w3.org/2001/XMLSchema-instance">
  <SOAP-ENV:Body>
    <ns1:formatRequest>
      <ns1:language>eng</ns1:language>
      <ns1:originalData>
        <ns1:bibliographicData>
				  <dkabm:record>
				    <ac:identifier>45048780|870970</ac:identifier>
				    <ac:source>Bibliotekets materialer</ac:source>
				    <dc:title>Crusade</dc:title>
				    <dc:title xsi:type="dkdcplus:full">Crusade</dc:title>
				    <dc:creator xsi:type="dkdcplus:aut">Robyn Young</dc:creator>
				    <dc:creator xsi:type="oss:sort">Young, Robyn</dc:creator>
				    <dc:subject xsi:type="dkdcplus:DK5">83</dc:subject>
				    <dc:subject xsi:type="dkdcplus:DK5-Text">Engelsk skønlitteratur</dc:subject>
				    <dc:subject xsi:type="dkdcplus:genre">fiktion</dc:subject>
				    <dcterms:abstract>Historisk roman. Skildring af tempelridderen Will Campbells oplevelser i Det Hellige Land i tiden fra 1276 til Acre's fald i 1291. Han indtager nu en høj position og er samtidig medlem af et hemmeligt broderskab indenfor ordenen, som er viet til at forlige de forskellige trosretninger. Mange stærke politiske og økonomiske kræfter er imidlertid mere interesserede i at genoplive fjendtlighederne</dcterms:abstract>
				    <dc:description xsi:type="dkdcplus:series">2. del af serien: Brethren</dc:description>
				    <dcterms:audience>voksenmaterialer</dcterms:audience>
				    <dkdcplus:version>Paperback edition</dkdcplus:version>
				    <dc:publisher>Hodder</dc:publisher>
				    <dc:date>2008</dc:date>
				    <dc:type xsi:type="dkdcplus:BibDK-Type">Bog</dc:type>
				    <dcterms:extent>702 sider</dcterms:extent>
				    <dc:identifier xsi:type="dkdcplus:ISBN">9780340839744</dc:identifier>
				    <dc:language xsi:type="dcterms:ISO639-2">eng</dc:language>
				    <dc:language>Engelsk</dc:language>
				  </dkabm:record>
				  <marcx:collection xmlns:marcx="http://www.bs.dk/standards/MarcXchange">
				    <record format="danMARC2" type="Bibliographic">
				      <leader>000000000000000000000000</leader>
				      <datafield tag="001" ind1="0" ind2="0">
				        <subfield code="a">45048780</subfield>
				        <subfield code="b">870970</subfield>
				        <subfield code="c">20110512135539</subfield>
				        <subfield code="d">20110414</subfield>
				        <subfield code="f">a</subfield>
				        <subfield code="t">FAUST</subfield>
				      </datafield>
				      <datafield tag="002" ind1="0" ind2="0">
				        <subfield code="b">710100</subfield>
				        <subfield code="c">9 306 015 6</subfield>
				        <subfield code="x">71010093060156</subfield>
				      </datafield>
				      <datafield tag="004" ind1="0" ind2="0">
				        <subfield code="r">n</subfield>
				        <subfield code="a">e</subfield>
				      </datafield>
				      <datafield tag="008" ind1="0" ind2="0">
				        <subfield code="t">m</subfield>
				        <subfield code="u">u</subfield>
				        <subfield code="a">2008</subfield>
				        <subfield code="b">gb</subfield>
				        <subfield code="d">x</subfield>
				        <subfield code="j">f</subfield>
				        <subfield code="l">eng</subfield>
				        <subfield code="v">0</subfield>
				      </datafield>
				      <datafield tag="009" ind1="0" ind2="0">
				        <subfield code="a">a</subfield>
				        <subfield code="g">xx</subfield>
				      </datafield>
				      <datafield tag="021" ind1="0" ind2="0">
				        <subfield code="e">9780340839744</subfield>
				      </datafield>
				      <datafield tag="100" ind1="0" ind2="0">
				        <subfield code="0"/>
				        <subfield code="a">Young</subfield>
				        <subfield code="h">Robyn</subfield>
				        <subfield code="4">aut</subfield>
				      </datafield>
				      <datafield tag="245" ind1="0" ind2="0">
				        <subfield code="a">Crusade</subfield>
				      </datafield>
				      <datafield tag="250" ind1="0" ind2="0">
				        <subfield code="a">[Paperback edition]</subfield>
				        <subfield code="b">Hodder, Pbk. edition 2008</subfield>
				      </datafield>
				      <datafield tag="260" ind1="0" ind2="0">
				        <subfield code="a">London</subfield>
				        <subfield code="b">Hodder</subfield>
				        <subfield code="c">2008</subfield>
				      </datafield>
				      <datafield tag="300" ind1="0" ind2="0">
				        <subfield code="a">702 sider</subfield>
				      </datafield>
				      <datafield tag="504" ind1="0" ind2="0">
				        <subfield code="a">Historisk roman. Skildring af tempelridderen Will Campbells oplevelser i Det Hellige Land i tiden fra 1276 til Acre's fald i 1291. Han indtager nu en høj position og er samtidig medlem af et hemmeligt broderskab indenfor ordenen, som er viet til at forlige de forskellige trosretninger. Mange stærke politiske og økonomiske kræfter er imidlertid mere interesserede i at genoplive fjendtlighederne</subfield>
				      </datafield>
				      <datafield tag="520" ind1="0" ind2="0">
				        <subfield code="a">Originaludgave: 2007</subfield>
				      </datafield>
				      <datafield tag="526" ind1="0" ind2="0">
				        <subfield code="i">2. del af serien</subfield>
				        <subfield code="t">Brethren</subfield>
				        <subfield code="b">Seriens indhold se denne</subfield>
				      </datafield>
				      <datafield tag="652" ind1="0" ind2="0">
				        <subfield code="m">83</subfield>
				      </datafield>
				      <datafield tag="s10" ind1="0" ind2="0">
				        <subfield code="a">710100</subfield>
				      </datafield>
				    </record>
				  </marcx:collection>
        </ns1:bibliographicData>
      </ns1:originalData>
      <ns1:outputFormat>bibliotekdkFullDisplay</ns1:outputFormat>
    </ns1:formatRequest>
  </SOAP-ENV:Body>
</SOAP-ENV:Envelope>
